@inproceedings{learningFromDifferences2022,
    author    = {D'Aquin, Mathieu and Nauer, Emmanuel and Lieber, Justine},
    title     = {A Factorial Study of Neural Network Learning from Differences for Regression},
    booktitle = {Case-Based Reasoning Research and Development. ICCBR 2022. Lecture Notes in Computer Science},
    editor    = {Keane, Mark T. and Wiratunga, Nirmalie},
    volume    = {13405},
    pages     = {PageNumbersHere},
    publisher = {Springer, Cham},
    year      = {2022},
    doi       = {10.1007/978-3-031-14923-8_19},
    url       = {https://doi.org/10.1007/978-3-031-14923-8_19}
}

@misc{scikit-learn,
    title  = {scikit-learn},
    author = {{scikit-learn contributors}},
    howpublished = {\url{https://github.com/scikit-learn/scikit-learn}},
    year   = {Accessed: Month Day, Year}
}

@inproceedings{neuralNetForRegression,
  title={Neural network models as an alternative to regression},
  author={Marquez, Leorey and Hill, Tim and Worthley, Reginald and Remus, William},
  booktitle={Proceedings of the Twenty-Fourth Annual Hawaii International Conference on System Sciences},
  volume={4},
  pages={129--135},
  year={1991},
  organization={IEEE}
}

@book{riesbeck2013inside,
  title={Inside case-based reasoning},
  author={Riesbeck, Christopher K and Schank, Roger C},
  year={2013},
  publisher={Psychology Press}
}

@article{watsonCaseBasedReasoningReview,
  title={Case-based reasoning: A review},
  author={Watson, Ian and Marir, Farhi},
  journal={The knowledge engineering review},
  volume={9},
  number={4},
  pages={327--354},
  year={1994},
  publisher={Cambridge University Press}
}


